@inproceedings{sklearn_api,
  author    = {Lars Buitinck and Gilles Louppe and Mathieu Blondel and
                Fabian Pedregosa and Andreas Mueller and Olivier Grisel and
                Vlad Niculae and Peter Prettenhofer and Alexandre Gramfort
                and Jaques Grobler and Robert Layton and Jake VanderPlas and
                Arnaud Joly and Brian Holt and Ga{\"{e}}l Varoquaux},
  title     = {{API} design for machine learning software: experiences from the scikit-learn
                project},
  booktitle = {ECML PKDD Workshop: Languages for Data Mining and Machine Learning},
  year      = {2013},
  pages = {108--122},
}

@inproceedings{nieuwenhuysen2018information,
title={Information Discovery and Images A Case Study of Google Photos},
author={Nieuwenhuysen, Paul},
booktitle={2018 5th International Symposium on Emerging Trends and Technologies in Libraries and Information Services (ETTLIS)},
pages={16--21},
year={2018},
organization={IEEE}
}

@article{lee2020algorithmic,
title={Algorithmic uses of cybernetic memory: Google photos and a genealogy of algorithmically generated “memory”},
author={Lee, JeongHyun},
journal={Social Media+ Society},
volume={6},
number={4},
pages={2056305120978968},
year={2020},
publisher={SAGE Publications Sage UK: London, England}
}

@inproceedings{bilyk2020assessment,
title={Assessment of mobile phone applications feasibility on plant recognition: comparison with Google Lens AR-app},
author={Bilyk, Zhanna I and Shapovalov, Yevhenii B and Shapovalov, Viktor B and Megalinska, Anna P and Andruszkiewicz, Fabian and Do{\l}ha{\'n}czuk-{\'S}r{\'o}dka, Agnieszka},
year={2020},
organization={CEUR Workshop Proceedings}
}

@misc{inaturalist_taxa,
author = {iNaturalist},
title = {Taxa},
year = {2024},
howpublished = {\url{https://www.inaturalist.org/taxa}},
note = {Accessed: 2024-10-04}
}

@article{hart2023assessing,
title={Assessing the accuracy of free automated plant identification applications},
author={Hart, Adam G and Bosley, Hayley and Hooper, Chloe and Perry, Jessica and Sellors-Moore, Joel and Moore, Oliver and Goodenough, Anne E},
journal={People and Nature},
volume={5},
number={3},
pages={929--937},
year={2023},
publisher={Wiley Online Library}
}

@misc{aparande_fruit_classification,
author = {Aparande, Abhishek},
title = {Fruit Classification},
year = {2018},
howpublished = {\url{https://github.com/aparande/Fruit-Classification}},
note = {Accessed: 2024-10-04}
}

@misc{moltean_fruits_360,
author = {Moltean, Alin},
title = {Fruits-360},
year = {2024},
howpublished = {\url{https://www.kaggle.com/datasets/moltean/fruits}},
note = {Accessed: 2024-10-04}
}

@misc{Organization_2023b, title={Delving into convolutional neural networks (cnns): Structure, application, Limitations}, url={https://medium.com/@northamericangeoscientistsorg/delving-into-convolutional-neural-networks-cnns-structure-application-limitations-49d3d95035ce}, journal={Medium}, publisher={Medium}, author={Organization, North American Geoscientists}, year={2023}, month={Jul}}

@misc{GeeksforGeeks_2021, title={Understanding googlenet model - CNN architecture}, url={https://www.geeksforgeeks.org/understanding-googlenet-model-cnn-architecture/}, journal={GeeksforGeeks}, publisher={GeeksforGeeks}, author={GeeksforGeeks}, year={2021}, month={Nov}}

@misc{deep_cnn_review_2017,
  title = {Deep Convolutional Neural Networks for Image Classification: A Comprehensive Review},
  author = {Author's Name},  
  howpublished = {ResearchGate},
  year = {2017},             
  note = {(pdf) Available online},
  url = {https://www.researchgate.net/publication/317496930_Deep_Convolutional_Neural_Networks_for_Image_Classification_A_Comprehensive_Review}}
